{
  "leader": "04350cam a2200577 i 4500",
  "fields": [
    {
      "001": "ocm00092120\\"
    },
    {
      "003": "OCoLC"
    },
    {
      "005": "20221220175218.0"
    },
    {
      "008": "700924s1970\\\\\\\\nyuac\\\\\\\\b\\\\\\\\001\\0beng\\\\"
    },
    {
      "010": {
        "ind1": "\\",
        "ind2": "\\",
        "subfields": [
          {
            "a": "   74083056 "
          }
        ]
      }
    },
    {
      "040": {
        "ind1": "\\",
        "ind2": "\\",
        "subfields": [
          {
            "a": "DLC"
          },
          {
            "b": "eng"
          },
          {
            "c": "DLC"
          },
          {
            "d": "MUQ"
          },
          {
            "d": "BAKER"
          },
          {
            "d": "BTCTA"
          },
          {
            "d": "OCLCG"
          },
          {
            "d": "EDX"
          },
          {
            "d": "EUM"
          },
          {
            "d": "UKMGB"
          },
          {
            "d": "UKSCO"
          },
          {
            "d": "MUO"
          },
          {
            "d": "OCLCQ"
          },
          {
            "d": "OCLCO"
          },
          {
            "d": "OCLCF"
          },
          {
            "d": "IOG"
          },
          {
            "d": "TC@"
          },
          {
            "d": "CNUTO"
          },
          {
            "d": "OCLCQ"
          },
          {
            "d": "AL5CO"
          },
          {
            "d": "NLC"
          },
          {
            "d": "OCLCO"
          },
          {
            "d": "UKUOY"
          },
          {
            "d": "OCLCQ"
          },
          {
            "d": "OCLCO"
          },
          {
            "d": "OCLCQ"
          },
          {
            "d": "XFF"
          },
          {
            "d": "TYC"
          },
          {
            "d": "OCLCQ"
          },
          {
            "d": "CNO"
          },
          {
            "d": "YT6"
          },
          {
            "d": "SNN"
          },
          {
            "d": "OCLCQ"
          },
          {
            "d": "OCLCO"
          },
          {
            "d": "CPS"
          },
          {
            "d": "OCLCQ"
          },
          {
            "d": "JDP"
          },
          {
            "d": "OCLCQ"
          },
          {
            "d": "OCLCO"
          },
          {
            "d": "OCLCA"
          },
          {
            "d": "OCLCQ"
          },
          {
            "d": "CPO"
          },
          {
            "d": "OCLCO"
          },
          {
            "d": "OCL"
          },
          {
            "d": "CBA"
          },
          {
            "d": "OCLCO"
          },
          {
            "d": "OCL"
          },
          {
            "d": "MNE"
          },
          {
            "d": "OCLCO"
          },
          {
            "d": "J9U"
          },
          {
            "d": "PZS"
          }
        ]
      }
    },
    {
      "016": {
        "ind1": "\\",
        "ind2": "\\",
        "subfields": [
          {
            "a": "(AMICUS)000001810118"
          }
        ]
      }
    },
    {
      "016": {
        "ind1": "7",
        "ind2": "\\",
        "subfields": [
          {
            "a": "003838112"
          },
          {
            "2": "Uk"
          }
        ]
      }
    },
    {
      "016": {
        "ind1": "7",
        "ind2": "\\",
        "subfields": [
          {
            "a": "008582099"
          },
          {
            "2": "Uk"
          }
        ]
      }
    },
    {
      "019": {
        "ind1": "\\",
        "ind2": "\\",
        "subfields": [
          {
            "a": "669091251"
          },
          {
            "a": "794676701"
          },
          {
            "a": "976753971"
          },
          {
            "a": "1029389978"
          },
          {
            "a": "1154221574"
          }
        ]
      }
    },
    {
      "035": {
        "ind1": "\\",
        "ind2": "\\",
        "subfields": [
          {
            "a": "(OCoLC)92120"
          },
          {
            "z": "(OCoLC)669091251"
          },
          {
            "z": "(OCoLC)794676701"
          },
          {
            "z": "(OCoLC)976753971"
          },
          {
            "z": "(OCoLC)1029389978"
          },
          {
            "z": "(OCoLC)1154221574"
          }
        ]
      }
    },
    {
      "037": {
        "ind1": "\\",
        "ind2": "\\",
        "subfields": [
          {
            "c": "15.00."
          }
        ]
      }
    },
    {
      "043": {
        "ind1": "\\",
        "ind2": "\\",
        "subfields": [
          {
            "a": "n-us---"
          }
        ]
      }
    },
    {
      "050": {
        "ind1": "\\",
        "ind2": "4",
        "subfields": [
          {
            "a": "CT275.C3"
          },
          {
            "b": "W35 1970"
          }
        ]
      }
    },
    {
      "055": {
        "ind1": "\\",
        "ind2": "1",
        "subfields": [
          {
            "a": "CT275.C3W33"
          }
        ]
      }
    },
    {
      "082": {
        "ind1": "0",
        "ind2": "4",
        "subfields": [
          {
            "a": "917.30380924"
          },
          {
            "b": "WAL"
          }
        ]
      }
    },
    {
      "100": {
        "ind1": "1",
        "ind2": "\\",
        "subfields": [
          {
            "a": "Wall, Joseph Frazier."
          }
        ]
      }
    },
    {
      "245": {
        "ind1": "1",
        "ind2": "0",
        "subfields": [
          {
            "a": "Andrew Carnegie /"
          },
          {
            "c": "Joseph Frazier Wall."
          }
        ]
      }
    },
    {
      "260": {
        "ind1": "\\",
        "ind2": "\\",
        "subfields": [
          {
            "a": "New York :"
          },
          {
            "b": "Oxford University Press,"
          },
          {
            "c": "[1970]"
          }
        ]
      }
    },
    {
      "300": {
        "ind1": "\\",
        "ind2": "\\",
        "subfields": [
          {
            "a": "xii, 1137 pages :"
          },
          {
            "b": "illustrations, portraits :"
          },
          {
            "c": "24 cm"
          }
        ]
      }
    },
    {
      "336": {
        "ind1": "\\",
        "ind2": "\\",
        "subfields": [
          {
            "a": "text"
          },
          {
            "b": "txt"
          },
          {
            "2": "rdacontent"
          }
        ]
      }
    },
    {
      "337": {
        "ind1": "\\",
        "ind2": "\\",
        "subfields": [
          {
            "a": "unmediated"
          },
          {
            "b": "n"
          },
          {
            "2": "rdamedia"
          }
        ]
      }
    },
    {
      "338": {
        "ind1": "\\",
        "ind2": "\\",
        "subfields": [
          {
            "a": "volume"
          },
          {
            "b": "nc"
          },
          {
            "2": "rdacarrier"
          }
        ]
      }
    },
    {
      "504": {
        "ind1": "\\",
        "ind2": "\\",
        "subfields": [
          {
            "a": "Includes bibliographical references."
          }
        ]
      }
    },
    {
      "505": {
        "ind1": "0",
        "ind2": "0",
        "subfields": [
          {
            "t": "The Charter, 1835-1853 :"
          },
          {
            "t": "Prologue: Dunfermline 1835."
          },
          {
            "t": "The Inheritance 1740-1835."
          },
          {
            "t": "Dunfermline Childhood 1835-1848."
          },
          {
            "t": "The Flitting 1848."
          },
          {
            "t": "The Charter Acquired 1848-1855 --"
          },
          {
            "t": "The Contract 1853-1901 :"
          },
          {
            "t": "Mr. Scott's Andy 1853-1859."
          },
          {
            "t": "War and Profits of War 1860-1865."
          },
          {
            "t": "Many eggs, many baskets 1865-1874."
          },
          {
            "t": "A basket of iron 1865-1872."
          },
          {
            "t": "Bridges and bonds 1868-1872."
          },
          {
            "t": "Steel is King 1873-1881."
          },
          {
            "t": "Unnatural Selection 1878-1887."
          },
          {
            "t": "Courtship and Marriage 1880-1887."
          },
          {
            "t": "The Two Worlds of Andrew Carnegie 1881-1896."
          },
          {
            "t": "Enter Mr. Frick 1881-1892."
          },
          {
            "t": "Homestead 1892."
          },
          {
            "t": "Mr. Carnegie's Empire of Business 1892-1900."
          },
          {
            "t": "Mr. McKinley's Business of Empire 1898-1900."
          },
          {
            "t": "Exit Mr. Frick 1899-1900."
          },
          {
            "t": "The Contract Closed 1901 --"
          },
          {
            "t": "The Deed 1899-1919 :"
          },
          {
            "t": "The Gospel of Wealth 1889-1901."
          },
          {
            "t": "Philanthropy Becomes Big Business 1901-1911."
          },
          {
            "t": "The Quest for Peace 1901-1910."
          },
          {
            "t": "Sunshine at Skibo 1901-1914."
          },
          {
            "t": "Shadows at Shadowbrook 1914-1919."
          },
          {
            "t": "Epilogue: The Deed Continues 1919- ---"
          },
          {
            "t": "Notes."
          },
          {
            "t": "Index."
          }
        ]
      }
    },
    {
      "530": {
        "ind1": "\\",
        "ind2": "\\",
        "subfields": [
          {
            "a": "Also issued online."
          }
        ]
      }
    },
    {
      "586": {
        "ind1": "\\",
        "ind2": "\\",
        "subfields": [
          {
            "a": "Bancroft Prize, 1971."
          }
        ]
      }
    },
    {
      "583": {
        "ind1": "\\",
        "ind2": "\\",
        "subfields": [
          {
            "a": "commitment to retain"
          },
          {
            "c": "20151204"
          },
          {
            "2": "pda"
          },
          {
            "5": "OTUTLD"
          }
        ]
      }
    },
    {
      "520": {
        "ind1": "\\",
        "ind2": "\\",
        "subfields": [
          {
            "a": "This masterful biography of a giant of American industry triumphantly reveals every aspect of the man's complex personality and fabulous career. So varied were Carnegie's activities in industry, politics, education, philanthropy, and pacifism that his life encompasses much of the general history of the United States and of Great Britain down to the outbreak of World War I. Carnegie the man remains at the center of the book -- impulsive, haughty, idealistic, warm, loyal, and shrewd -- and the drama of his life from telegraphy boy to millionaire philanthropist is emphasized. This rounded, honest biography does not hesitate to call Carnegie to task for some of his financial dealings, his often arbitrary personal relationships and his occasional hypocrisy, or to show him at his worst. But the reader takes from the book a full understanding of why to many Americans Carnegie's death meant the end of an era in American history. -- From publisher's description."
          }
        ]
      }
    },
    {
      "600": {
        "ind1": "1",
        "ind2": "0",
        "subfields": [
          {
            "a": "Carnegie, Andrew,"
          },
          {
            "d": "1835-1919."
          }
        ]
      }
    },
    {
      "651": {
        "ind1": "\\",
        "ind2": "0",
        "subfields": [
          {
            "a": "United States"
          },
          {
            "v": "Biography."
          }
        ]
      }
    },
    {
      "650": {
        "ind1": "\\",
        "ind2": "0",
        "subfields": [
          {
            "a": "Philanthropists"
          },
          {
            "z": "United States"
          },
          {
            "v": "Biography."
          }
        ]
      }
    },
    {
      "650": {
        "ind1": "\\",
        "ind2": "0",
        "subfields": [
          {
            "a": "Industrialists"
          },
          {
            "z": "United States"
          },
          {
            "v": "Biography."
          }
        ]
      }
    },
    {
      "650": {
        "ind1": "\\",
        "ind2": "0",
        "subfields": [
          {
            "a": "Steel industry and trade"
          },
          {
            "z": "United States."
          }
        ]
      }
    },
    {
      "600": {
        "ind1": "1",
        "ind2": "7",
        "subfields": [
          {
            "a": "Carnegie, Andrew,"
          },
          {
            "d": "1835-1919."
          },
          {
            "2": "fast"
          },
          {
            "0": "(OCoLC)fst00010902"
          }
        ]
      }
    },
    {
      "650": {
        "ind1": "\\",
        "ind2": "7",
        "subfields": [
          {
            "a": "Industrialists."
          },
          {
            "2": "fast"
          },
          {
            "0": "(OCoLC)fst00971815"
          }
        ]
      }
    },
    {
      "650": {
        "ind1": "\\",
        "ind2": "7",
        "subfields": [
          {
            "a": "Philanthropists."
          },
          {
            "2": "fast"
          },
          {
            "0": "(OCoLC)fst01060593"
          }
        ]
      }
    },
    {
      "650": {
        "ind1": "\\",
        "ind2": "7",
        "subfields": [
          {
            "a": "Steel industry and trade."
          },
          {
            "2": "fast"
          },
          {
            "0": "(OCoLC)fst01132646"
          }
        ]
      }
    },
    {
      "651": {
        "ind1": "\\",
        "ind2": "7",
        "subfields": [
          {
            "a": "United States."
          },
          {
            "2": "fast"
          },
          {
            "0": "(OCoLC)fst01204155"
          }
        ]
      }
    },
    {
      "655": {
        "ind1": "\\",
        "ind2": "2",
        "subfields": [
          {
            "a": "Biography"
          }
        ]
      }
    },
    {
      "655": {
        "ind1": "\\",
        "ind2": "7",
        "subfields": [
          {
            "a": "Biographies."
          },
          {
            "2": "fast"
          },
          {
            "0": "(OCoLC)fst01919896"
          }
        ]
      }
    },
    {
      "655": {
        "ind1": "\\",
        "ind2": "7",
        "subfields": [
          {
            "a": "Biographies."
          },
          {
            "2": "lcgft"
          }
        ]
      }
    },
    {
      "776": {
        "ind1": "0",
        "ind2": "8",
        "subfields": [
          {
            "i": "Online version:"
          },
          {
            "a": "Wall, Joseph Frazier."
          },
          {
            "t": "Andrew Carnegie."
          },
          {
            "d": "New York, Oxford University Press [1970]"
          },
          {
            "w": "(OCoLC)599913972"
          }
        ]
      }
    },
    {
      "994": {
        "ind1": "\\",
        "ind2": "\\",
        "subfields": [
          {
            "a": "Z0"
          },
          {
            "b": "NYRVC"
          }
        ]
      }
    },
    {
      "948": {
        "ind1": "\\",
        "ind2": "\\",
        "subfields": [
          {
            "h": "NO HOLDINGS IN NYRVC - 1557 OTHER HOLDINGS"
          }
        ]
      }
    },
    {
      "999": {
        "ind1": "\\",
        "ind2": "\\",
        "subfields": [
          {
            "a": "00000000018496"
          }
        ]
      }
    }
  ]
}